@Book{xie2015,
  title = {Dynamic Documents with {R} and knitr},
  author = {Yihui Xie},
  publisher = {Chapman and Hall/CRC},
  address = {Boca Raton, Florida},
  year = {2015},
  edition = {2nd},
  note = {ISBN 978-1498716963},
  url = {http://yihui.name/knitr/},
}

@book{mcewen_designing_2013,
	title = {Designing the {Internet} of {Things}},
	isbn = {978-1-118-43065-1},
	abstract = {Take your idea from concept to production with this unique guide Whether it's called physical computing, ubiquitous computing, or the Internet of Things, it's a hot topic in technology: how to channel your inner Steve Jobs and successfully combine hardware, embedded software, web services, electronics, and cool design to create cutting-edge devices that are fun, interactive, and practical. If you'd like to create the next must-have product, this unique book is the perfect place to start. Both a creative and practical primer, it explores the platforms you can use to develop hardware or software, discusses design concepts that will make your products eye-catching and appealing, and shows you ways to scale up from a single prototype to mass production.  Helps software engineers, web designers, product designers, and electronics engineers start designing products using the Internet-of-Things approach  Explains how to combine sensors, servos, robotics, Arduino chips, and more with various networks or the Internet, to create interactive, cutting-edge devices  Provides an overview of the necessary steps to take your idea from concept through production  If you'd like to design for the future, Designing the Internet of Things is a great place to start.},
	language = {en},
	publisher = {John Wiley \& Sons},
	author = {McEwen, Adrian and Cassimally, Hakim},
	month = nov,
	year = {2013},
	note = {Google-Books-ID: iYkKAgAAQBAJ},
	keywords = {Computers / Hardware / General, Computers / Systems Architecture / General}
}